@Book{Zubkov,
 author    = {Зубков С.В},
 title     = { Ассемблер для DOS, Windows и UNIX},
 publisher = {ДМК Пресс},
 year      = 2000,
 address   = Москва,
}


@booklet{SDMVol1,
 title     = {Intel ® 64 and IA-32 Architectures Software Developer’s Manual Volume 1: Basic Architecture},
 }

@booklet{SDMVol2,
 title     = {Intel® 64 and IA-32 architectures software developer's manual combined volumes 2A, 2B, 2C, and 2D: Instruction set reference, A-Z},
 }

@booklet{SDMVol3,
 title     = {Intel® 64 and IA-32 architectures software developer's manual combined volumes 3A, 3B, 3C, and 3D: System programming guide},
 }

@booklet{SDMVol4,
 title     = {Intel® 64 and IA-32 architectures software developer's manual volume 4: Model-specific registers},
 }


@booklet{Optim,
 title     = {Intel® 64 and IA-32 architectures optimization reference manual},
 }


@booklet{Optim,
 title     = {Intel® 64 and IA-32 architectures optimization reference manual},
 }


@booklet{Fog,
 author    = {Agner Fog},
 title     = {Software optimization resources (assembly/c++) },
 }

@Book{InstSet,
 author    = { Tom Shanley},
 title     = {x86 Instruction Set Architecture},
 publisher = {MindShare Press},
}

@Book{Pentium ,
 author    = { Tom Shanley},
 title     = {The Unabridged Pentium 4},
 publisher = {MindShare Press},
}

@Book{Guk8086 ,
 author    = {Гук М.},
 title     = {Процессоры Intel от 8086 до Pentium II},
 publisher = {Питер},
 year = 1998,
}

@Book{GukPen3,
 author    = {Гук М.},
 title     = {Процессоры Pentium III, Athlon и другие},
 publisher = {Питер},
 year = 2000,
}
